@book{司守奎,
  title={数学建模算法与应用-第2版},
  author={司守奎 and 孙玺菁},
  publisher={国防工业出版社},
  year={2022},
}

@book{ts1,
  title={ts-第2版},
  author={ts1},
  publisher={ts1},
  year={2022},
}

@book{ts2,
  title={ts2-第2版},
  author={ts2},
  publisher={ts2},
  year={2022},
}
